@Manual{R-base,
  title = {R: A Language and Environment for Statistical Computing},
  author = {{R Core Team}},
  organization = {R Foundation for Statistical Computing},
  address = {Vienna, Austria},
  year = {2015},
  url = {https://www.R-project.org/},
}
@Manual{R-boot,
  title = {boot: Bootstrap Functions (Originally by Angelo Canty for S)},
  author = {Angelo Canty and Brian Ripley},
  year = {2016},
  note = {R package version 1.3-18},
  url = {http://CRAN.R-project.org/package=boot},
}
@Manual{R-dplyr,
  title = {dplyr: A Grammar of Data Manipulation},
  author = {Hadley Wickham and Romain Francois},
  year = {2015},
  note = {R package version 0.4.3},
  url = {http://CRAN.R-project.org/package=dplyr},
}
@Manual{R-Formula,
  title = {Formula: Extended Model Formulas},
  author = {Achim Zeileis and Yves Croissant},
  year = {2015},
  note = {R package version 1.2-1},
  url = {http://CRAN.R-project.org/package=Formula},
}
@Manual{R-ggplot2,
  title = {ggplot2: An Implementation of the Grammar of Graphics},
  author = {Hadley Wickham and Winston Chang},
  year = {2015},
  note = {R package version 2.0.0},
  url = {http://CRAN.R-project.org/package=ggplot2},
}
@Manual{R-Hmisc,
  title = {Hmisc: Harrell Miscellaneous},
  author = {Harrell, Jr., Frank E},
  year = {2016},
  note = {R package version 3.17-3},
  url = {http://CRAN.R-project.org/package=Hmisc},
}
@Manual{R-knitr,
  title = {knitr: A General-Purpose Package for Dynamic Report Generation in R},
  author = {Yihui Xie},
  year = {2016},
  note = {R package version 1.12.22},
  url = {http://yihui.name/knitr/},
}
@Manual{R-lattice,
  title = {lattice: Trellis Graphics for R},
  author = {Deepayan Sarkar},
  year = {2015},
  note = {R package version 0.20-33},
  url = {http://CRAN.R-project.org/package=lattice},
}
@Manual{R-maps,
  title = {maps: Draw Geographical Maps},
  author = {Ray Brownrigg},
  year = {2016},
  note = {R package version 3.1.0},
  url = {http://CRAN.R-project.org/package=maps},
}
@Manual{R-PDS,
  title = {PDS: Data Sets for Passion Driven Statistics},
  author = {Alan T. Arnholt},
  year = {2015},
  note = {R package version 0.1.2},
}
@Manual{R-survival,
  title = {survival: Survival Analysis},
  author = {Terry M Therneau},
  year = {2015},
  note = {R package version 2.38-3},
  url = {http://CRAN.R-project.org/package=survival},
}
@Manual{R-xtable,
  title = {xtable: Export Tables to LaTeX or HTML},
  author = {David B. Dahl},
  year = {2016},
  note = {R package version 1.8-2},
  url = {http://CRAN.R-project.org/package=xtable},
}
